%YAML 1.1
%TAG !u! tag:unity3d.com,2011:
--- !u!1001 &100100000
Prefab:
  m_ObjectHideFlags: 1
  serializedVersion: 2
  m_Modification:
    m_TransformParent: {fileID: 0}
    m_Modifications: []
    m_RemovedComponents: []
  m_ParentPrefab: {fileID: 0}
  m_RootGameObject: {fileID: 1964113684968268}
  m_IsPrefabParent: 1
--- !u!1 &1011181282093620
GameObject:
  m_ObjectHideFlags: 0
  m_PrefabParentObject: {fileID: 0}
  m_PrefabInternal: {fileID: 100100000}
  serializedVersion: 5
  m_Component:
  - component: {fileID: 4127133650596962}
  m_Layer: 0
  m_Name: Adam_Reference
  m_TagString: Untagged
  m_Icon: {fileID: 0}
  m_NavMeshLayer: 0
  m_StaticEditorFlags: 0
  m_IsActive: 1
--- !u!1 &1062318980952154
GameObject:
  m_ObjectHideFlags: 1
  m_PrefabParentObject: {fileID: 0}
  m_PrefabInternal: {fileID: 100100000}
  serializedVersion: 5
  m_Component:
  - component: {fileID: 4084409702527398}
  m_Layer: 0
  m_Name: Bip01 Head
  m_TagString: Untagged
  m_Icon: {fileID: 0}
  m_NavMeshLayer: 0
  m_StaticEditorFlags: 0
  m_IsActive: 1
--- !u!1 &1070933584269332
GameObject:
  m_ObjectHideFlags: 1
  m_PrefabParentObject: {fileID: 0}
  m_PrefabInternal: {fileID: 100100000}
  serializedVersion: 5
  m_Component:
  - component: {fileID: 4407822144004614}
  m_Layer: 0
  m_Name: Bip01 L Hand
  m_TagString: Untagged
  m_Icon: {fileID: 0}
  m_NavMeshLayer: 0
  m_StaticEditorFlags: 0
  m_IsActive: 1
--- !u!1 &1074865739114562
GameObject:
  m_ObjectHideFlags: 1
  m_PrefabParentObject: {fileID: 0}
  m_PrefabInternal: {fileID: 100100000}
  serializedVersion: 5
  m_Component:
  - component: {fileID: 4433066293784574}
  m_Layer: 0
  m_Name: Bip01 R Forearm
  m_TagString: Untagged
  m_Icon: {fileID: 0}
  m_NavMeshLayer: 0
  m_StaticEditorFlags: 0
  m_IsActive: 1
--- !u!1 &1161494934661970
GameObject:
  m_ObjectHideFlags: 1
  m_PrefabParentObject: {fileID: 0}
  m_PrefabInternal: {fileID: 100100000}
  serializedVersion: 5
  m_Component:
  - component: {fileID: 4575677184480812}
  m_Layer: 0
  m_Name: Bip01 Neck1
  m_TagString: Untagged
  m_Icon: {fileID: 0}
  m_NavMeshLayer: 0
  m_StaticEditorFlags: 0
  m_IsActive: 1
--- !u!1 &1180448499080004
GameObject:
  m_ObjectHideFlags: 1
  m_PrefabParentObject: {fileID: 0}
  m_PrefabInternal: {fileID: 100100000}
  serializedVersion: 5
  m_Component:
  - component: {fileID: 4747503799318464}
  m_Layer: 0
  m_Name: Bip01 L Clavicle
  m_TagString: Untagged
  m_Icon: {fileID: 0}
  m_NavMeshLayer: 0
  m_StaticEditorFlags: 0
  m_IsActive: 1
--- !u!1 &1297797594246992
GameObject:
  m_ObjectHideFlags: 1
  m_PrefabParentObject: {fileID: 0}
  m_PrefabInternal: {fileID: 100100000}
  serializedVersion: 5
  m_Component:
  - component: {fileID: 4797405152345492}
  m_Layer: 0
  m_Name: Bip01 R Foot
  m_TagString: Untagged
  m_Icon: {fileID: 0}
  m_NavMeshLayer: 0
  m_StaticEditorFlags: 0
  m_IsActive: 1
--- !u!1 &1321955710799998
GameObject:
  m_ObjectHideFlags: 1
  m_PrefabParentObject: {fileID: 0}
  m_PrefabInternal: {fileID: 100100000}
  serializedVersion: 5
  m_Component:
  - component: {fileID: 4644966570987264}
  m_Layer: 0
  m_Name: Bip01 L Foot
  m_TagString: Untagged
  m_Icon: {fileID: 0}
  m_NavMeshLayer: 0
  m_StaticEditorFlags: 0
  m_IsActive: 1
--- !u!1 &1346080960508766
GameObject:
  m_ObjectHideFlags: 1
  m_PrefabParentObject: {fileID: 0}
  m_PrefabInternal: {fileID: 100100000}
  serializedVersion: 5
  m_Component:
  - component: {fileID: 4620900123934932}
  m_Layer: 0
  m_Name: Bip01 L Forearm
  m_TagString: Untagged
  m_Icon: {fileID: 0}
  m_NavMeshLayer: 0
  m_StaticEditorFlags: 0
  m_IsActive: 1
--- !u!1 &1409966473051180
GameObject:
  m_ObjectHideFlags: 1
  m_PrefabParentObject: {fileID: 0}
  m_PrefabInternal: {fileID: 100100000}
  serializedVersion: 5
  m_Component:
  - component: {fileID: 4052036267581828}
  m_Layer: 0
  m_Name: Bip01 L UpperArm
  m_TagString: Untagged
  m_Icon: {fileID: 0}
  m_NavMeshLayer: 0
  m_StaticEditorFlags: 0
  m_IsActive: 1
--- !u!1 &1423560824767380
GameObject:
  m_ObjectHideFlags: 1
  m_PrefabParentObject: {fileID: 0}
  m_PrefabInternal: {fileID: 100100000}
  serializedVersion: 5
  m_Component:
  - component: {fileID: 4090085362433338}
  m_Layer: 0
  m_Name: Bip01 L Calf
  m_TagString: Untagged
  m_Icon: {fileID: 0}
  m_NavMeshLayer: 0
  m_StaticEditorFlags: 0
  m_IsActive: 1
--- !u!1 &1541230986743524
GameObject:
  m_ObjectHideFlags: 1
  m_PrefabParentObject: {fileID: 0}
  m_PrefabInternal: {fileID: 100100000}
  serializedVersion: 5
  m_Component:
  - component: {fileID: 4847233710926056}
  m_Layer: 0
  m_Name: Bip01
  m_TagString: Untagged
  m_Icon: {fileID: 0}
  m_NavMeshLayer: 0
  m_StaticEditorFlags: 0
  m_IsActive: 1
--- !u!1 &1635882433540250
GameObject:
  m_ObjectHideFlags: 1
  m_PrefabParentObject: {fileID: 0}
  m_PrefabInternal: {fileID: 100100000}
  serializedVersion: 5
  m_Component:
  - component: {fileID: 4528719237183326}
  m_Layer: 0
  m_Name: Bip01 R Clavicle
  m_TagString: Untagged
  m_Icon: {fileID: 0}
  m_NavMeshLayer: 0
  m_StaticEditorFlags: 0
  m_IsActive: 1
--- !u!1 &1675952256587372
GameObject:
  m_ObjectHideFlags: 1
  m_PrefabParentObject: {fileID: 0}
  m_PrefabInternal: {fileID: 100100000}
  serializedVersion: 5
  m_Component:
  - component: {fileID: 4108633619925534}
  m_Layer: 0
  m_Name: Bip01 L Thigh
  m_TagString: Untagged
  m_Icon: {fileID: 0}
  m_NavMeshLayer: 0
  m_StaticEditorFlags: 0
  m_IsActive: 1
--- !u!1 &1734518728442914
GameObject:
  m_ObjectHideFlags: 1
  m_PrefabParentObject: {fileID: 0}
  m_PrefabInternal: {fileID: 100100000}
  serializedVersion: 5
  m_Component:
  - component: {fileID: 4366422584988812}
  m_Layer: 0
  m_Name: Bip01 R Thigh
  m_TagString: Untagged
  m_Icon: {fileID: 0}
  m_NavMeshLayer: 0
  m_StaticEditorFlags: 0
  m_IsActive: 1
--- !u!1 &1738743951318128
GameObject:
  m_ObjectHideFlags: 0
  m_PrefabParentObject: {fileID: 0}
  m_PrefabInternal: {fileID: 100100000}
  serializedVersion: 5
  m_Component:
  - component: {fileID: 4081217888795848}
  - component: {fileID: 137219685590621834}
  m_Layer: 0
  m_Name: mesh_Crowd_LOD_02
  m_TagString: Untagged
  m_Icon: {fileID: 0}
  m_NavMeshLayer: 0
  m_StaticEditorFlags: 0
  m_IsActive: 1
--- !u!1 &1820509662173480
GameObject:
  m_ObjectHideFlags: 1
  m_PrefabParentObject: {fileID: 0}
  m_PrefabInternal: {fileID: 100100000}
  serializedVersion: 5
  m_Component:
  - component: {fileID: 4362289923874028}
  m_Layer: 0
  m_Name: Bip01 R Hand
  m_TagString: Untagged
  m_Icon: {fileID: 0}
  m_NavMeshLayer: 0
  m_StaticEditorFlags: 0
  m_IsActive: 1
--- !u!1 &1877237410143336
GameObject:
  m_ObjectHideFlags: 1
  m_PrefabParentObject: {fileID: 0}
  m_PrefabInternal: {fileID: 100100000}
  serializedVersion: 5
  m_Component:
  - component: {fileID: 4766010224507934}
  m_Layer: 0
  m_Name: Bip01 Neck
  m_TagString: Untagged
  m_Icon: {fileID: 0}
  m_NavMeshLayer: 0
  m_StaticEditorFlags: 0
  m_IsActive: 1
--- !u!1 &1881726198966556
GameObject:
  m_ObjectHideFlags: 1
  m_PrefabParentObject: {fileID: 0}
  m_PrefabInternal: {fileID: 100100000}
  serializedVersion: 5
  m_Component:
  - component: {fileID: 4231448477111610}
  m_Layer: 0
  m_Name: Bip01 R Calf
  m_TagString: Untagged
  m_Icon: {fileID: 0}
  m_NavMeshLayer: 0
  m_StaticEditorFlags: 0
  m_IsActive: 1
--- !u!1 &1889904256379214
GameObject:
  m_ObjectHideFlags: 1
  m_PrefabParentObject: {fileID: 0}
  m_PrefabInternal: {fileID: 100100000}
  serializedVersion: 5
  m_Component:
  - component: {fileID: 4525691886988790}
  m_Layer: 0
  m_Name: Bip01 Spine1
  m_TagString: Untagged
  m_Icon: {fileID: 0}
  m_NavMeshLayer: 0
  m_StaticEditorFlags: 0
  m_IsActive: 1
--- !u!1 &1939455075402900
GameObject:
  m_ObjectHideFlags: 1
  m_PrefabParentObject: {fileID: 0}
  m_PrefabInternal: {fileID: 100100000}
  serializedVersion: 5
  m_Component:
  - component: {fileID: 4134780481134672}
  m_Layer: 0
  m_Name: Bip01 R UpperArm
  m_TagString: Untagged
  m_Icon: {fileID: 0}
  m_NavMeshLayer: 0
  m_StaticEditorFlags: 0
  m_IsActive: 1
--- !u!1 &1952025216084486
GameObject:
  m_ObjectHideFlags: 1
  m_PrefabParentObject: {fileID: 0}
  m_PrefabInternal: {fileID: 100100000}
  serializedVersion: 5
  m_Component:
  - component: {fileID: 4846154416805552}
  m_Layer: 0
  m_Name: Bip01 Pelvis
  m_TagString: Untagged
  m_Icon: {fileID: 0}
  m_NavMeshLayer: 0
  m_StaticEditorFlags: 0
  m_IsActive: 1
--- !u!1 &1964113684968268
GameObject:
  m_ObjectHideFlags: 0
  m_PrefabParentObject: {fileID: 0}
  m_PrefabInternal: {fileID: 100100000}
  serializedVersion: 5
  m_Component:
  - component: {fileID: 4964627392126506}
  - component: {fileID: 95563498218821080}
  m_Layer: 0
  m_Name: AdamLOD2(Skinned)
  m_TagString: Untagged
  m_Icon: {fileID: 0}
  m_NavMeshLayer: 0
  m_StaticEditorFlags: 0
  m_IsActive: 1
--- !u!1 &1980074912590878
GameObject:
  m_ObjectHideFlags: 1
  m_PrefabParentObject: {fileID: 0}
  m_PrefabInternal: {fileID: 100100000}
  serializedVersion: 5
  m_Component:
  - component: {fileID: 4787718394873630}
  m_Layer: 0
  m_Name: Bip01 Neck2
  m_TagString: Untagged
  m_Icon: {fileID: 0}
  m_NavMeshLayer: 0
  m_StaticEditorFlags: 0
  m_IsActive: 1
--- !u!1 &1994719884672726
GameObject:
  m_ObjectHideFlags: 1
  m_PrefabParentObject: {fileID: 0}
  m_PrefabInternal: {fileID: 100100000}
  serializedVersion: 5
  m_Component:
  - component: {fileID: 4847016209333434}
  m_Layer: 0
  m_Name: Bip01 Spine
  m_TagString: Untagged
  m_Icon: {fileID: 0}
  m_NavMeshLayer: 0
  m_StaticEditorFlags: 0
  m_IsActive: 1
--- !u!4 &4052036267581828
Transform:
  m_ObjectHideFlags: 1
  m_PrefabParentObject: {fileID: 0}
  m_PrefabInternal: {fileID: 100100000}
  m_GameObject: {fileID: 1409966473051180}
  m_LocalRotation: {x: 0.088799454, y: -0.47368905, z: -0.11554906, w: 0.86855155}
  m_LocalPosition: {x: -0.07789718, y: -0.000000019073486, z: 0.00000030517577}
  m_LocalScale: {x: 1.0000002, y: 1.0000002, z: 1.0000002}
  m_Children:
  - {fileID: 4620900123934932}
  m_Father: {fileID: 4747503799318464}
  m_RootOrder: 0
  m_LocalEulerAnglesHint: {x: 0, y: 0, z: 0}
--- !u!4 &4081217888795848
Transform:
  m_ObjectHideFlags: 1
  m_PrefabParentObject: {fileID: 0}
  m_PrefabInternal: {fileID: 100100000}
  m_GameObject: {fileID: 1738743951318128}
  m_LocalRotation: {x: -0.7071068, y: 0, z: -0, w: 0.7071068}
  m_LocalPosition: {x: -0, y: 0.018092116, z: 0.025788574}
  m_LocalScale: {x: 1, y: 1, z: 1}
  m_Children: []
  m_Father: {fileID: 4964627392126506}
  m_RootOrder: 1
  m_LocalEulerAnglesHint: {x: 0, y: 0, z: 0}
--- !u!4 &4084409702527398
Transform:
  m_ObjectHideFlags: 1
  m_PrefabParentObject: {fileID: 0}
  m_PrefabInternal: {fileID: 100100000}
  m_GameObject: {fileID: 1062318980952154}
  m_LocalRotation: {x: -0.0000005882223, y: -0.0000010343864, z: 0.17961988, w: 0.9837361}
  m_LocalPosition: {x: -0.041212004, y: 0.00000015258789, z: -2.910383e-13}
  m_LocalScale: {x: 0.9999999, y: 1, z: 1}
  m_Children: []
  m_Father: {fileID: 4787718394873630}
  m_RootOrder: 0
  m_LocalEulerAnglesHint: {x: 0, y: 0, z: 0}
--- !u!4 &4090085362433338
Transform:
  m_ObjectHideFlags: 1
  m_PrefabParentObject: {fileID: 0}
  m_PrefabInternal: {fileID: 100100000}
  m_GameObject: {fileID: 1423560824767380}
  m_LocalRotation: {x: 0.0000000058183076, y: 9.465567e-10, z: 0.002617828, w: 0.9999966}
  m_LocalPosition: {x: -0.45435157, y: 0, z: 0.000000009536743}
  m_LocalScale: {x: 1.0000002, y: 1, z: 1.0000002}
  m_Children:
  - {fileID: 4644966570987264}
  m_Father: {fileID: 4108633619925534}
  m_RootOrder: 0
  m_LocalEulerAnglesHint: {x: 0, y: 0, z: 0}
--- !u!4 &4108633619925534
Transform:
  m_ObjectHideFlags: 1
  m_PrefabParentObject: {fileID: 0}
  m_PrefabInternal: {fileID: 100100000}
  m_GameObject: {fileID: 1675952256587372}
  m_LocalRotation: {x: 0.013656717, y: 0.998872, z: 0.043903988, w: 0.011865616}
  m_LocalPosition: {x: 0.000000076293944, y: 0.00000015616416, z: 0.082196206}
  m_LocalScale: {x: 1, y: 0.9999999, z: 1}
  m_Children:
  - {fileID: 4090085362433338}
  m_Father: {fileID: 4846154416805552}
  m_RootOrder: 0
  m_LocalEulerAnglesHint: {x: 0, y: 0, z: 0}
--- !u!4 &4127133650596962
Transform:
  m_ObjectHideFlags: 1
  m_PrefabParentObject: {fileID: 0}
  m_PrefabInternal: {fileID: 100100000}
  m_GameObject: {fileID: 1011181282093620}
  m_LocalRotation: {x: 0.000000021855694, y: 0, z: -0, w: 1}
  m_LocalPosition: {x: -0, y: 0, z: 0}
  m_LocalScale: {x: 1, y: 1, z: 1}
  m_Children:
  - {fileID: 4847233710926056}
  m_Father: {fileID: 4964627392126506}
  m_RootOrder: 0
  m_LocalEulerAnglesHint: {x: 0, y: 0, z: 0}
--- !u!4 &4134780481134672
Transform:
  m_ObjectHideFlags: 1
  m_PrefabParentObject: {fileID: 0}
  m_PrefabInternal: {fileID: 100100000}
  m_GameObject: {fileID: 1939455075402900}
  m_LocalRotation: {x: -0.088799246, y: 0.47368926, z: -0.115549214, w: 0.86855143}
  m_LocalPosition: {x: -0.07789745, y: 0.000000057220458, z: 0.00000015258789}
  m_LocalScale: {x: 0.9999999, y: 1.0000001, z: 1.0000001}
  m_Children:
  - {fileID: 4433066293784574}
  m_Father: {fileID: 4528719237183326}
  m_RootOrder: 0
  m_LocalEulerAnglesHint: {x: 0, y: 0, z: 0}
--- !u!4 &4231448477111610
Transform:
  m_ObjectHideFlags: 1
  m_PrefabParentObject: {fileID: 0}
  m_PrefabInternal: {fileID: 100100000}
  m_GameObject: {fileID: 1881726198966556}
  m_LocalRotation: {x: 0.0000000028594798, y: -0.0000000027864913, z: 0.0026178325,
    w: 0.9999966}
  m_LocalPosition: {x: -0.45435148, y: 0.0000000011920929, z: 0}
  m_LocalScale: {x: 1.0000001, y: 0.99999994, z: 1.0000001}
  m_Children:
  - {fileID: 4797405152345492}
  m_Father: {fileID: 4366422584988812}
  m_RootOrder: 0
  m_LocalEulerAnglesHint: {x: 0, y: 0, z: 0}
--- !u!4 &4362289923874028
Transform:
  m_ObjectHideFlags: 1
  m_PrefabParentObject: {fileID: 0}
  m_PrefabInternal: {fileID: 100100000}
  m_GameObject: {fileID: 1820509662173480}
  m_LocalRotation: {x: -0.00000026123604, y: -0.00000011920929, z: -0.000000050291455,
    w: 1}
  m_LocalPosition: {x: -0.2981498, y: -0.000000019073486, z: -0.000000076293944}
  m_LocalScale: {x: 0.9999997, y: 0.99999976, z: 1.0000002}
  m_Children: []
  m_Father: {fileID: 4433066293784574}
  m_RootOrder: 0
  m_LocalEulerAnglesHint: {x: 0, y: 0, z: 0}
--- !u!4 &4366422584988812
Transform:
  m_ObjectHideFlags: 1
  m_PrefabParentObject: {fileID: 0}
  m_PrefabInternal: {fileID: 100100000}
  m_GameObject: {fileID: 1734518728442914}
  m_LocalRotation: {x: 0.013656634, y: 0.99887186, z: -0.043905504, w: -0.011867079}
  m_LocalPosition: {x: -0.000000076293944, y: -0.00000007152557, z: -0.08219618}
  m_LocalScale: {x: 1, y: 0.99999994, z: 0.9999999}
  m_Children:
  - {fileID: 4231448477111610}
  m_Father: {fileID: 4846154416805552}
  m_RootOrder: 1
  m_LocalEulerAnglesHint: {x: 0, y: 0, z: 0}
--- !u!4 &4407822144004614
Transform:
  m_ObjectHideFlags: 1
  m_PrefabParentObject: {fileID: 0}
  m_PrefabInternal: {fileID: 100100000}
  m_GameObject: {fileID: 1070933584269332}
  m_LocalRotation: {x: -4.656634e-10, y: 0.00000005960468, z: 0.000000031664985, w: 1}
  m_LocalPosition: {x: -0.31877244, y: -0.000000030994414, z: 0.000000038146972}
  m_LocalScale: {x: 0.9999992, y: 0.9999995, z: 1.0000001}
  m_Children: []
  m_Father: {fileID: 4620900123934932}
  m_RootOrder: 0
  m_LocalEulerAnglesHint: {x: 0, y: 0, z: 0}
--- !u!4 &4433066293784574
Transform:
  m_ObjectHideFlags: 1
  m_PrefabParentObject: {fileID: 0}
  m_PrefabInternal: {fileID: 100100000}
  m_GameObject: {fileID: 1074865739114562}
  m_LocalRotation: {x: 0.0000000026210996, y: -0.000000007218754, z: 0.103131145,
    w: 0.99466777}
  m_LocalPosition: {x: -0.27191085, y: -0.000000038146972, z: 0}
  m_LocalScale: {x: 1.0000001, y: 1.0000001, z: 1.0000001}
  m_Children:
  - {fileID: 4362289923874028}
  m_Father: {fileID: 4134780481134672}
  m_RootOrder: 0
  m_LocalEulerAnglesHint: {x: 0, y: 0, z: 0}
--- !u!4 &4525691886988790
Transform:
  m_ObjectHideFlags: 1
  m_PrefabParentObject: {fileID: 0}
  m_PrefabInternal: {fileID: 100100000}
  m_GameObject: {fileID: 1889904256379214}
  m_LocalRotation: {x: 0.0000000067261188, y: -0.000000069204184, z: 0.025473464,
    w: 0.9996755}
  m_LocalPosition: {x: -0.14196198, y: -0.000215559, z: -6.009941e-10}
  m_LocalScale: {x: 1, y: 1, z: 1}
  m_Children:
  - {fileID: 4747503799318464}
  - {fileID: 4766010224507934}
  - {fileID: 4528719237183326}
  m_Father: {fileID: 4847016209333434}
  m_RootOrder: 0
  m_LocalEulerAnglesHint: {x: 0, y: 0, z: 0}
--- !u!4 &4528719237183326
Transform:
  m_ObjectHideFlags: 1
  m_PrefabParentObject: {fileID: 0}
  m_PrefabInternal: {fileID: 100100000}
  m_GameObject: {fileID: 1635882433540250}
  m_LocalRotation: {x: 0.5503447, y: 0.00865626, z: 0.8348763, w: 0.0052293106}
  m_LocalPosition: {x: -0.20867553, y: 0.027391281, z: -0.11031271}
  m_LocalScale: {x: 0.9999999, y: 1.0000002, z: 1.0000001}
  m_Children:
  - {fileID: 4134780481134672}
  m_Father: {fileID: 4525691886988790}
  m_RootOrder: 2
  m_LocalEulerAnglesHint: {x: 0, y: 0, z: 0}
--- !u!4 &4575677184480812
Transform:
  m_ObjectHideFlags: 1
  m_PrefabParentObject: {fileID: 0}
  m_PrefabInternal: {fileID: 100100000}
  m_GameObject: {fileID: 1161494934661970}
  m_LocalRotation: {x: 0.000000008051726, y: -0.00000014911369, z: 0.053918686, w: 0.99854535}
  m_LocalPosition: {x: -0.04120834, y: -0.000032424927, z: -9.022187e-11}
  m_LocalScale: {x: 1.0000001, y: 1.0000001, z: 1}
  m_Children:
  - {fileID: 4787718394873630}
  m_Father: {fileID: 4766010224507934}
  m_RootOrder: 0
  m_LocalEulerAnglesHint: {x: 0, y: 0, z: 0}
--- !u!4 &4620900123934932
Transform:
  m_ObjectHideFlags: 1
  m_PrefabParentObject: {fileID: 0}
  m_PrefabInternal: {fileID: 100100000}
  m_GameObject: {fileID: 1346080960508766}
  m_LocalRotation: {x: -7.7911727e-10, y: -0.000000015061824, z: 0.103131145, w: 0.99466777}
  m_LocalPosition: {x: -0.27191094, y: 0.000000019073486, z: 0}
  m_LocalScale: {x: 1.0000001, y: 1.0000002, z: 1.0000001}
  m_Children:
  - {fileID: 4407822144004614}
  m_Father: {fileID: 4052036267581828}
  m_RootOrder: 0
  m_LocalEulerAnglesHint: {x: 0, y: 0, z: 0}
--- !u!4 &4644966570987264
Transform:
  m_ObjectHideFlags: 1
  m_PrefabParentObject: {fileID: 0}
  m_PrefabInternal: {fileID: 100100000}
  m_GameObject: {fileID: 1321955710799998}
  m_LocalRotation: {x: 0.000000057887483, y: 0.000000009313226, z: 0.000000005587935,
    w: 1}
  m_LocalPosition: {x: -0.47365966, y: -0.000115373135, z: -0.000091161724}
  m_LocalScale: {x: 0.9999999, y: 1.0000005, z: 1.0000001}
  m_Children: []
  m_Father: {fileID: 4090085362433338}
  m_RootOrder: 0
  m_LocalEulerAnglesHint: {x: 0, y: 0, z: 0}
--- !u!4 &4747503799318464
Transform:
  m_ObjectHideFlags: 1
  m_PrefabParentObject: {fileID: 0}
  m_PrefabInternal: {fileID: 100100000}
  m_GameObject: {fileID: 1180448499080004}
  m_LocalRotation: {x: -0.55034477, y: -0.008658641, z: 0.83487624, w: 0.0052307835}
  m_LocalPosition: {x: -0.20867538, y: 0.027390633, z: 0.11031284}
  m_LocalScale: {x: 0.99999994, y: 1.0000004, z: 1.0000002}
  m_Children:
  - {fileID: 4052036267581828}
  m_Father: {fileID: 4525691886988790}
  m_RootOrder: 0
  m_LocalEulerAnglesHint: {x: 0, y: 0, z: 0}
--- !u!4 &4766010224507934
Transform:
  m_ObjectHideFlags: 1
  m_PrefabParentObject: {fileID: 0}
  m_PrefabInternal: {fileID: 100100000}
  m_GameObject: {fileID: 1877237410143336}
  m_LocalRotation: {x: 0.000000040365787, y: 0.0000012832886, z: -0.40039772, w: 0.9163415}
  m_LocalPosition: {x: -0.29771987, y: 0.039018918, z: 0.00000040032361}
  m_LocalScale: {x: 1.0000004, y: 1.0000002, z: 0.99999994}
  m_Children:
  - {fileID: 4575677184480812}
  m_Father: {fileID: 4525691886988790}
  m_RootOrder: 1
  m_LocalEulerAnglesHint: {x: 0, y: 0, z: 0}
--- !u!4 &4787718394873630
Transform:
  m_ObjectHideFlags: 1
  m_PrefabParentObject: {fileID: 0}
  m_PrefabInternal: {fileID: 100100000}
  m_GameObject: {fileID: 1980074912590878}
  m_LocalRotation: {x: 0.000000008051735, y: -0.00000014911393, z: 0.05391866, w: 0.99854535}
  m_LocalPosition: {x: -0.041208494, y: -0.000032653807, z: -8.9930834e-11}
  m_LocalScale: {x: 1.0000001, y: 1.0000001, z: 1}
  m_Children:
  - {fileID: 4084409702527398}
  m_Father: {fileID: 4575677184480812}
  m_RootOrder: 0
  m_LocalEulerAnglesHint: {x: 0, y: 0, z: 0}
--- !u!4 &4797405152345492
Transform:
  m_ObjectHideFlags: 1
  m_PrefabParentObject: {fileID: 0}
  m_PrefabInternal: {fileID: 100100000}
  m_GameObject: {fileID: 1297797594246992}
  m_LocalRotation: {x: 0.0000013176751, y: -0.00000005960459, z: 0.000000039115626,
    w: 1}
  m_LocalPosition: {x: -0.47365078, y: -0.0000000667572, z: -0.000000095367426}
  m_LocalScale: {x: 0.99999994, y: 1.0000005, z: 1.0000004}
  m_Children: []
  m_Father: {fileID: 4231448477111610}
  m_RootOrder: 0
  m_LocalEulerAnglesHint: {x: 0, y: 0, z: 0}
--- !u!4 &4846154416805552
Transform:
  m_ObjectHideFlags: 1
  m_PrefabParentObject: {fileID: 0}
  m_PrefabInternal: {fileID: 100100000}
  m_GameObject: {fileID: 1952025216084486}
  m_LocalRotation: {x: -0.5, y: 0.5, z: 0.49999937, w: 0.50000066}
  m_LocalPosition: {x: -0, y: 0, z: 0}
  m_LocalScale: {x: 1, y: 0.9999998, z: 0.9999998}
  m_Children:
  - {fileID: 4108633619925534}
  - {fileID: 4366422584988812}
  - {fileID: 4847016209333434}
  m_Father: {fileID: 4847233710926056}
  m_RootOrder: 0
  m_LocalEulerAnglesHint: {x: 0, y: 0, z: 0}
--- !u!4 &4847016209333434
Transform:
  m_ObjectHideFlags: 1
  m_PrefabParentObject: {fileID: 0}
  m_PrefabInternal: {fileID: 100100000}
  m_GameObject: {fileID: 1994719884672726}
  m_LocalRotation: {x: -0.0000019488382, y: 0.0000008657386, z: 0.0455839, w: 0.99896055}
  m_LocalPosition: {x: -0.13653854, y: 0.0013093817, z: 0.0000001852724}
  m_LocalScale: {x: 1, y: 0.9999999, z: 0.9999999}
  m_Children:
  - {fileID: 4525691886988790}
  m_Father: {fileID: 4846154416805552}
  m_RootOrder: 2
  m_LocalEulerAnglesHint: {x: 0, y: 0, z: 0}
--- !u!4 &4847233710926056
Transform:
  m_ObjectHideFlags: 1
  m_PrefabParentObject: {fileID: 0}
  m_PrefabInternal: {fileID: 100100000}
  m_GameObject: {fileID: 1541230986743524}
  m_LocalRotation: {x: -0.5000005, y: 0.49999952, z: 0.4999996, w: 0.5000004}
  m_LocalPosition: {x: -0, y: 0.97024626, z: 0.0038361496}
  m_LocalScale: {x: 0.99999994, y: 0.99999994, z: 1}
  m_Children:
  - {fileID: 4846154416805552}
  m_Father: {fileID: 4127133650596962}
  m_RootOrder: 0
  m_LocalEulerAnglesHint: {x: 0, y: 0, z: 0}
--- !u!4 &4964627392126506
Transform:
  m_ObjectHideFlags: 1
  m_PrefabParentObject: {fileID: 0}
  m_PrefabInternal: {fileID: 100100000}
  m_GameObject: {fileID: 1964113684968268}
  m_LocalRotation: {x: 0, y: 0, z: 0, w: 1}
  m_LocalPosition: {x: -0.023, y: 0, z: 0}
  m_LocalScale: {x: 1, y: 1, z: 1}
  m_Children:
  - {fileID: 4127133650596962}
  - {fileID: 4081217888795848}
  m_Father: {fileID: 0}
  m_RootOrder: 0
  m_LocalEulerAnglesHint: {x: 0, y: 0, z: 0}
--- !u!95 &95563498218821080
Animator:
  serializedVersion: 3
  m_ObjectHideFlags: 1
  m_PrefabParentObject: {fileID: 0}
  m_PrefabInternal: {fileID: 100100000}
  m_GameObject: {fileID: 1964113684968268}
  m_Enabled: 1
  m_Avatar: {fileID: 9000000, guid: f671e87896ed58c4e972db58101c2d27, type: 3}
  m_Controller: {fileID: 9100000, guid: 3e6a020f73b5f594ca3ce6fd7356a318, type: 2}
  m_CullingMode: 0
  m_UpdateMode: 0
  m_ApplyRootMotion: 0
  m_LinearVelocityBlending: 0
  m_WarningMessage: 
  m_HasTransformHierarchy: 1
  m_AllowConstantClipSamplingOptimization: 1
--- !u!137 &137219685590621834
SkinnedMeshRenderer:
  m_ObjectHideFlags: 1
  m_PrefabParentObject: {fileID: 0}
  m_PrefabInternal: {fileID: 100100000}
  m_GameObject: {fileID: 1738743951318128}
  m_Enabled: 1
  m_CastShadows: 1
  m_ReceiveShadows: 1
  m_MotionVectors: 1
  m_LightProbeUsage: 1
  m_ReflectionProbeUsage: 1
  m_Materials:
  - {fileID: 2100000, guid: 8140c33578cb9d74fa1b9b0c2017d196, type: 2}
  m_StaticBatchInfo:
    firstSubMesh: 0
    subMeshCount: 0
  m_StaticBatchRoot: {fileID: 0}
  m_ProbeAnchor: {fileID: 0}
  m_LightProbeVolumeOverride: {fileID: 0}
  m_ScaleInLightmap: 1
  m_PreserveUVs: 0
  m_IgnoreNormalsForChartDetection: 0
  m_ImportantGI: 0
  m_SelectedEditorRenderState: 3
  m_MinimumChartSize: 4
  m_AutoUVMaxDistance: 0.5
  m_AutoUVMaxAngle: 89
  m_LightmapParameters: {fileID: 0}
  m_SortingLayerID: 0
  m_SortingLayer: 0
  m_SortingOrder: 0
  serializedVersion: 2
  m_Quality: 0
  m_UpdateWhenOffscreen: 0
  m_SkinnedMotionVectors: 1
  m_Mesh: {fileID: 4300000, guid: cc2d35765e13fa5459b338c988089841, type: 3}
  m_Bones:
  - {fileID: 4525691886988790}
  - {fileID: 4847016209333434}
  - {fileID: 4084409702527398}
  - {fileID: 4846154416805552}
  - {fileID: 4108633619925534}
  - {fileID: 4090085362433338}
  - {fileID: 4052036267581828}
  - {fileID: 4620900123934932}
  - {fileID: 4366422584988812}
  - {fileID: 4231448477111610}
  - {fileID: 4134780481134672}
  - {fileID: 4433066293784574}
  m_BlendShapeWeights: []
  m_RootBone: {fileID: 4846154416805552}
  m_AABB:
    m_Center: {x: 0.06318444, y: 0.023980051, z: -0.00000013411045}
    m_Extent: {x: 0.9246877, y: 0.15027815, z: 0.34467012}
  m_DirtyAABB: 0
